<collection xmlns="http://www.loc.gov/MARC21/slim">
<record>
  <leader>02514nam0a2200433 i 450 </leader>
  <controlfield tag="001">IT\ICCU\CNCE\013099</controlfield>
  <controlfield tag="005">20170731000000.0</controlfield>
  <datafield tag="012" ind1=" " ind2=" ">
    <subfield code="a">++++ i-b- b-o- titr (3) 1539 (R)</subfield>
    <subfield code="2">fei</subfield>
  </datafield>
  <datafield tag="100" ind1=" " ind2=" ">
    <subfield code="a">19970101d1539        0itac0103    ba</subfield>
  </datafield>
  <datafield tag="101" ind1=" " ind2=" ">
    <subfield code="a">ITA</subfield>
  </datafield>
  <datafield tag="102" ind1=" " ind2=" ">
    <subfield code="a">IT</subfield>
  </datafield>
  <datafield tag="200" ind1="1" ind2=" ">
    <subfield code="a">Libro di consolato nouamente stampato et ricorretto, nel quale sono scritti capitoli &amp; statuti &amp; buone ordinationi, che li antichi ordinarono per li casi di mercantia &amp; di mare &amp; mercanti &amp; marinari, &amp; patroni di nauilii</subfield>
  </datafield>
  <datafield tag="210" ind1=" " ind2=" ">
    <subfield code="d">1539</subfield>
    <subfield code="e">Stampato in Vinegia</subfield>
    <subfield code="g">per Giouanni Padoanno</subfield>
    <subfield code="g">ad instantia de Giouan Battista Pedrezano</subfield>
    <subfield code="h">1539</subfield>
  </datafield>
  <datafield tag="215" ind1=" " ind2=" ">
    <subfield code="a">\6!, CXXII c.</subfield>
    <subfield code="d">4ʻ</subfield>
  </datafield>
  <datafield tag="500" ind1="1" ind2="1">
    <subfield code="3">IT\ICCU\CNCE\013097</subfield>
    <subfield code="a">Consolat de mar</subfield>
  </datafield>
  <datafield tag="620" ind1=" " ind2=" ">
    <subfield code="a">IT</subfield>
    <subfield code="d">Venezia</subfield>
  </datafield>
  <datafield tag="712" ind1="0" ind2="0">
    <subfield code="a">Padovano, Giovanni</subfield>
    <subfield code="3">IT\ICCU\CNCT\000032</subfield>
    <subfield code="4">650</subfield>
  </datafield>
  <datafield tag="712" ind1="0" ind2="0">
    <subfield code="a">Pederzano, Giovanni Battista</subfield>
    <subfield code="3">IT\ICCU\CNCT\000405</subfield>
    <subfield code="4">650</subfield>
  </datafield>
  <datafield tag="791" ind1="0" ind2="0">
    <subfield code="a">Patavinus, Ioannes</subfield>
    <subfield code="3">IT\ICCU\CNCT\002269</subfield>
    <subfield code="z">Padovano, Giovanni</subfield>
  </datafield>
  <datafield tag="791" ind1="0" ind2="0">
    <subfield code="a">Paduano, Giovanni</subfield>
    <subfield code="3">IT\ICCU\CNCT\005239</subfield>
    <subfield code="z">Padovano, Giovanni</subfield>
  </datafield>
  <datafield tag="791" ind1="0" ind2="0">
    <subfield code="a">Padoanno, Giovanni</subfield>
    <subfield code="3">IT\ICCU\CNCT\005241</subfield>
    <subfield code="z">Padovano, Giovanni</subfield>
  </datafield>
  <datafield tag="791" ind1="0" ind2="0">
    <subfield code="a">Padoano, Gioanni</subfield>
    <subfield code="3">IT\ICCU\CNCT\005243</subfield>
    <subfield code="z">Padovano, Giovanni</subfield>
  </datafield>
  <datafield tag="791" ind1="0" ind2="0">
    <subfield code="a">Pedrezano, Giovanni Battista</subfield>
    <subfield code="3">IT\ICCU\CNCT\002471</subfield>
    <subfield code="z">Pederzano, Giovanni Battista</subfield>
  </datafield>
  <datafield tag="791" ind1="0" ind2="0">
    <subfield code="a">Pederzanis, Ioannes Baptista de</subfield>
    <subfield code="3">IT\ICCU\CNCT\005333</subfield>
    <subfield code="z">Pederzano, Giovanni Battista</subfield>
  </datafield>
  <datafield tag="791" ind1="0" ind2="0">
    <subfield code="a">Pederzanus, Ioannes Baptista</subfield>
    <subfield code="3">IT\ICCU\CNCT\005335</subfield>
    <subfield code="z">Pederzano, Giovanni Battista</subfield>
  </datafield>
  <datafield tag="791" ind1="0" ind2="0">
    <subfield code="a">Pederzani, Baptista de</subfield>
    <subfield code="3">IT\ICCU\CNCT\005336</subfield>
    <subfield code="z">Pederzano, Giovanni Battista</subfield>
  </datafield>
  <datafield tag="801" ind1=" " ind2="3">
    <subfield code="a">IT</subfield>
    <subfield code="b">ICCU</subfield>
    <subfield code="c">20201114</subfield>
  </datafield>
  <datafield tag="899" ind1=" " ind2=" ">
    <subfield code="a">Biblioteca universitaria. Bologna</subfield>
    <subfield code="1">BO0098</subfield>
    <subfield code="2">UBO BU</subfield>
  </datafield>
  <datafield tag="899" ind1=" " ind2=" ">
    <subfield code="a">Biblioteca comunale Francesco Trinchera senior. Ostuni</subfield>
    <subfield code="1">BR0015</subfield>
    <subfield code="2">BRI PA</subfield>
  </datafield>
  <datafield tag="899" ind1=" " ind2=" ">
    <subfield code="a">Biblioteca di Stato e Beni Librari. Repubblica di San Marino</subfield>
    <subfield code="1">EX0030</subfield>
    <subfield code="2">RAV BS</subfield>
  </datafield>
  <datafield tag="899" ind1=" " ind2=" ">
    <subfield code="a">Biblioteca nazionale centrale. Firenze</subfield>
    <subfield code="1">FI0098</subfield>
    <subfield code="2">CFI CF</subfield>
  </datafield>
  <datafield tag="899" ind1=" " ind2=" ">
    <subfield code="a">Biblioteca universitaria giuridica. Modena</subfield>
    <subfield code="1">MO0169</subfield>
    <subfield code="2">MOD UG</subfield>
  </datafield>
  <datafield tag="899" ind1=" " ind2=" ">
    <subfield code="a">Biblioteca universitaria. Padova</subfield>
    <subfield code="1">PD0158</subfield>
    <subfield code="2">PUV 00</subfield>
  </datafield>
  <datafield tag="899" ind1=" " ind2=" ">
    <subfield code="a">Biblioteca Palatina. Parma</subfield>
    <subfield code="1">PR0072</subfield>
    <subfield code="2">PAR PA</subfield>
  </datafield>
  <datafield tag="899" ind1=" " ind2=" ">
    <subfield code="a">Biblioteca Oliveriana. Pesaro</subfield>
    <subfield code="1">PU0061</subfield>
    <subfield code="2">URB OL</subfield>
  </datafield>
  <datafield tag="899" ind1=" " ind2=" ">
    <subfield code="a">Biblioteca civica A. Hortis. Trieste</subfield>
    <subfield code="1">TS0013</subfield>
    <subfield code="2">TSA BC</subfield>
  </datafield>
  <datafield tag="899" ind1=" " ind2=" ">
    <subfield code="a">Biblioteche della Fondazione Giorgio Cini onlus. Venezia</subfield>
    <subfield code="1">VE0239</subfield>
    <subfield code="2">VEA FC</subfield>
  </datafield>
  <datafield tag="911" ind1=" " ind2=" ">
    <subfield code="a">In fine</subfield>
    <subfield code="9">IT\ICCU\CNCM\002415</subfield>
  </datafield>
  <datafield tag="921" ind1=" " ind2=" ">
    <subfield code="a">IT\ICCU\CNCM\002415</subfield>
    <subfield code="b">Testa di S. Giovanni Battista su un vassoio tenuto da due putti. Tra i due putti le iniziali I.B.P.</subfield>
    <subfield code="c">U944</subfield>
    <subfield code="f">TESTA</subfield>
    <subfield code="f">S.GIOVANNI</subfield>
    <subfield code="f">PUTTO</subfield>
    <subfield code="f">IBP</subfield>
    <subfield code="g">1539-1549</subfield>
  </datafield>
</record>
</collection>
